<?xml version="1.0" encoding="UTF-8"?><collection xmlns="http://www.loc.gov/MARC21/slim"><record><leader>00456nam--2200145-i-4500</leader><controlfield tag="001">000013876</controlfield><controlfield tag="002">20161230</controlfield><controlfield tag="005">20170206190243</controlfield><controlfield tag="008">060222s1000------------r-----000-0-eng-d</controlfield><datafield ind1=" " ind2=" " tag="100"><subfield code="a">De Vargha, Z</subfield></datafield><datafield ind1=" " ind2=" " tag="245"><subfield code="a">Sur la profondeur du foyer et le coefficient d absorption du tremblement de terre observe a joko le 10 jan., 1906</subfield></datafield><datafield ind1=" " ind2=" " tag="260"><subfield code="a">Roma</subfield><subfield code="b">La Societa Sismologica Italiana</subfield><subfield code="c">1907</subfield></datafield><datafield ind1=" " ind2=" " tag="300"><subfield code="a">/101-127/p</subfield></datafield><datafield ind1=" " ind2=" " tag="852"><subfield code="a">550.34</subfield></datafield><datafield ind1=" " ind2=" " tag="CAT"><subfield code="a">SYS</subfield><subfield code="c">20170206</subfield><subfield code="h">190243</subfield></datafield></record></collection>